<?xml version="1.0" encoding="UTF-8" standalone="yes"?><bibs total_record_count="1"><bib><mms_id>991227850000541</mms_id><record_format>marc21</record_format><linked_record_id/><title>Welliver /</title><author>Goodyear, Frank Henry,</author><isbn>0847805972 :</isbn><network_numbers><network_number>263059</network_number><network_number>(CStRLIN)NJPG85-B14944</network_number><network_number>(OCoLC)11814035</network_number></network_numbers><place_of_publication>New York :</place_of_publication><date_of_publication>1985.</date_of_publication><publisher_const>Rizzoli,</publisher_const><holdings link="https://api-na.hosted.exlibrisgroup.com/almaws/v1/bibs/991227850000541/holdings"/><created_by>import</created_by><created_date>2011-12-17Z</created_date><last_modified_by>System</last_modified_by><last_modified_date>2020-07-23Z</last_modified_date><suppress_from_publishing>false</suppress_from_publishing><suppress_from_external_search>false</suppress_from_external_search><sync_with_oclc>NONE</sync_with_oclc><sync_with_libraries_australia>NONE</sync_with_libraries_australia><originating_system>OTHER</originating_system><originating_system_id>34744-train20072_c2db</originating_system_id><record><leader>01017cam a22003018a 4500</leader><controlfield tag="001">991227850000541</controlfield><controlfield tag="005">20200723143350.0</controlfield><controlfield tag="008">850614s1985    nyu           00010 eng  </controlfield><datafield ind1=" " ind2=" " tag="010"><subfield code="a">   84043113 </subfield></datafield><datafield ind1=" " ind2=" " tag="020"><subfield code="a">0847805972 :</subfield><subfield code="c">$60.00</subfield></datafield><datafield ind1=" " ind2=" " tag="035"><subfield code="a">(OCoLC)11814035</subfield></datafield><datafield ind1=" " ind2=" " tag="035"><subfield code="a">(CStRLIN)NJPG85-B14944</subfield></datafield><datafield ind1=" " ind2=" " tag="035"><subfield code="9">ABH8202TS</subfield></datafield><datafield ind1=" " ind2=" " tag="035"><subfield code="a">263059</subfield></datafield><datafield ind1="0" ind2=" " tag="039"><subfield code="a">2</subfield><subfield code="b">3</subfield><subfield code="c">3</subfield><subfield code="d">3</subfield><subfield code="e">3</subfield></datafield><datafield ind1=" " ind2=" " tag="040"><subfield code="d">CStRLIN</subfield><subfield code="d">NhD</subfield></datafield><datafield ind1="0" ind2=" " tag="050"><subfield code="a">N6537.W36</subfield><subfield code="b">G66 1985</subfield></datafield><datafield ind1="0" ind2=" " tag="082"><subfield code="a">759.13</subfield><subfield code="2">19</subfield></datafield><datafield ind1="1" ind2=" " tag="100"><subfield code="a">Goodyear, Frank Henry,</subfield><subfield code="d">1944-</subfield><subfield code="0">http://id.loc.gov/authorities/names/n79145637</subfield></datafield><datafield ind1="1" ind2="0" tag="245"><subfield code="a">Welliver /</subfield><subfield code="c">introduction by John Ashbery ; text by Frank H. Goodyear.</subfield></datafield><datafield ind1=" " ind2=" " tag="260"><subfield code="a">New York :</subfield><subfield code="b">Rizzoli,</subfield><subfield code="c">1985.</subfield></datafield><datafield ind1=" " ind2=" " tag="300"><subfield code="a">165 p. :</subfield><subfield code="b">ill. ;</subfield><subfield code="c">37 cm.</subfield></datafield><datafield ind1="1" ind2="0" tag="600"><subfield code="a">Welliver, Neil.</subfield><subfield code="0">http://id.loc.gov/authorities/names/n81061784</subfield></datafield><datafield ind1="1" ind2=" " tag="700"><subfield code="a">Welliver, Neil.</subfield></datafield><datafield ind1="0" ind2="0" tag="852"><subfield code="0">287925</subfield><subfield code="b">sa</subfield><subfield code="t">1</subfield><subfield code="c">Oversize</subfield><subfield code="h">ND237.W434</subfield><subfield code="i">G66q</subfield></datafield><datafield ind1=" " ind2=" " tag="911"><subfield code="a">19921028</subfield></datafield><datafield ind1=" " ind2=" " tag="912"><subfield code="a">19900822000000.0</subfield></datafield><datafield ind1=" " ind2=" " tag="998"><subfield code="a">06/14/85</subfield><subfield code="s">9110</subfield><subfield code="n">NjP</subfield><subfield code="w">MABA85B719</subfield><subfield code="d">06/14/85</subfield><subfield code="c">KPB</subfield><subfield code="b">KPB</subfield><subfield code="i">850614</subfield><subfield code="l">NJPG</subfield></datafield></record></bib></bibs>